@article{nonguarded, title={Query answering under non-guarded rules in datalog+/-},
author={Cal{\`\i}, A. and Gottlob, G. and Pieris, A.}, journal={Web Reasoning and Rule
Systems}, pages={1--17}, year={2010}, publisher={Springer} }

@article{ontological11, title={Ontological query answering with existential
rules}, author={Mugnier, M.L.}, journal={Web Reasoning and Rule Systems}, pages={2--23},
year={2011}, publisher={Springer} }

@book{algorithmique, title={Introduction {\`a} l'algorithmique}, author={Cormen,
T.H. and Leiserson, C.E. and Rivest, R.L. and Cormen, T.H. and Cormen, T.H.},
year={1994}, publisher={Dunod} }

@inproceedings{walking, title={Walking the complexity lines for generalized
guarded existential rules}, author={Baget, J.F. and Mugnier, M.L. and Rudolph, S. and
Thomazo, M. and others}, booktitle={Proc. 22nd Int. Conf. on Artificial Intelligence
(IJCAIâ€™11). IJCAI}, year={2011} }

@inproceedings{extending,
	  title={Extending decidable cases for rules with existential variables},
	    author={Baget, J.F. and Lecl{\`e}re, M. and Mugnier, M.L. and Salvat, {\^E}. and others},
		  booktitle={Proceedings of the 21st international jont conference on Artifical intelligence},
		    pages={677--682},
			  year={2009},
			    organization={Morgan Kaufmann Publishers Inc.}
}
